<record><leader>00000cas a22000007a 4500</leader><controlfield tag="001">21979993</controlfield><controlfield tag="008">900709d18921894pr sr ne      0    0spa d</controlfield><datafield ind1=" " ind2=" " tag="010"><subfield code="a">sn 90070178 </subfield></datafield><datafield ind1=" " ind2=" " tag="040"><subfield code="a">PNN</subfield><subfield code="b">eng</subfield><subfield code="c">PNN</subfield><subfield code="d">OCLCQ</subfield><subfield code="d">KYUBL</subfield><subfield code="d">OCLCF</subfield><subfield code="d">OCLCO</subfield></datafield><datafield ind1=" " ind2=" " tag="042"><subfield code="a">msc</subfield></datafield><datafield ind1="0" ind2="3" tag="245"><subfield code="a">La ilustracio&#769;n puertorriquen&#771;a.</subfield></datafield><datafield ind1=" " ind2=" " tag="260"><subfield code="a">San Juan, P.R. :</subfield><subfield code="b">Lit. Boleti&#769;n P.R.</subfield></datafield><datafield ind1=" " ind2=" " tag="300"><subfield code="a">v.</subfield></datafield><datafield ind1=" " ind2=" " tag="310"><subfield code="a">Semimonthly</subfield></datafield><datafield ind1="0" ind2=" " tag="362"><subfield code="a">An&#771;o 1, nu&#769;m. 1 (10 de abr. de 1892)-</subfield></datafield><datafield ind1="1" ind2=" " tag="362"><subfield code="a">Ceased in 1894?</subfield></datafield><datafield ind1=" " ind2=" " tag="500"><subfield code="a">"Ciencias, literatura, artes."</subfield></datafield><datafield ind1=" " ind2="0" tag="650"><subfield code="a">Art and literature</subfield><subfield code="z">Puerto Rico</subfield><subfield code="v">Periodicals.</subfield></datafield><datafield ind1=" " ind2="0" tag="651"><subfield code="a">Puerto Rico</subfield><subfield code="v">Periodicals.</subfield></datafield><datafield ind1=" " ind2="7" tag="655"><subfield code="a">Periodicals.</subfield><subfield code="2">fast</subfield><subfield code="0">(OCoLC)fst01411641</subfield></datafield><datafield ind1=" " ind2="7" tag="650"><subfield code="a">Art and literature.</subfield><subfield code="2">fast</subfield><subfield code="0">(OCoLC)fst00815400</subfield></datafield><datafield ind1=" " ind2="7" tag="651"><subfield code="a">Puerto Rico.</subfield><subfield code="2">fast</subfield><subfield code="0">(OCoLC)fst01205432</subfield></datafield><datafield ind1=" " ind2=" " tag="752"><subfield code="a">United States</subfield><subfield code="b">Puerto Rico</subfield><subfield code="d">San Juan.</subfield></datafield></record>